% Encoding: UTF-8

@inbook{M2012,
  title = {Energy Efficiency in Water Supply Systems: GA for Pump Schedule Optimization and ANN for Hybrid Energy Prediction},
  ISBN = {9789535108894},
  url = {http://dx.doi.org/10.5772/50458},
  DOI = {10.5772/50458},
  booktitle = {Water Supply System Analysis - Selected Topics},
  publisher = {InTech},
  author = {M.,  H. and M. Costa,  L. H. and V.,  F.},
  year = {2012},
  month = dec 
}

@article{Moreira2013,
  title = {Energy Cost Optimization in a Water Supply System Case Study},
  volume = {2013},
  ISSN = {2314-615X},
  url = {http://dx.doi.org/10.1155/2013/620698},
  DOI = {10.1155/2013/620698},
  journal = {Journal of Energy},
  publisher = {Hindawi Limited},
  author = {Moreira,  Daniel F. and Ramos,  Helena M.},
  year = {2013},
  pages = {1–9}
}

@misc{ieaWEO2016Special,
	author = {IEA},
	title = {{W}{E}{O}-2016 {S}pecial {R}eport: {W}ater-{E}nergy {N}exus – {A}nalysis - {I}{E}{A} --- iea.org},
	howpublished = {\url{https://www.iea.org/reports/water-energy-nexus}},
	year = {2017},
	note = {[Accessed 08-02-2024]},
}

@article{moura2010relaccao,
  title={A rela{\c{c}}{\~a}o entre {\'a}gua e energia: gest{\~a}o energ{\'e}tica nos sistemas de abastecimento de {\'a}gua das companhias de saneamento b{\'a}sico do brasil},
  author={Moura, Gustavo Nikolaus Pinto de},
  journal={Rio de Janeiro: sn},
  year={2010},
  url = {http://www.ppe.ufrj.br/ppe/production/tesis/gustavo_nikolaus.pdf}
}

@misc{ufopREPOSITORIOINSTITUCIONAL,
	author = {S{\'a}nchez, Antonio Santos and Esquerre, Karla Patrícia Santos Oliveira Rodríguez},
	title = {Internet of things for a smart campus : on-line monitoring of water consumption in university buildings. --- repositorio.ufop.br},
	howpublished = {\url{http://www.repositorio.ufop.br/jspui/handle/123456789/10923}},
	year = {2018},
	note = {[Accessed 03-11-2023]}
}

@inproceedings{Mackle1995,
  doi = {10.1049/cp:19951082},
  url = {https://doi.org/10.1049/cp:19951082},
  year = {1995},
  publisher = {{IEE}},
  author = {G. Mackle},
  title = {Application of genetic algorithms to pump scheduling for water supply},
  booktitle = {1st International Conference on Genetic Algorithms in Engineering Systems: Innovations and Applications ({GALESIA})}
}

@article{MalaJetmarova2017,
  title = {Lost in optimisation of water distribution systems? A literature review of system operation},
  volume = {93},
  ISSN = {1364-8152},
  url = {http://dx.doi.org/10.1016/j.envsoft.2017.02.009},
  DOI = {10.1016/j.envsoft.2017.02.009},
  journal = {Environmental Modelling &amp; Software},
  publisher = {Elsevier BV},
  author = {Mala-Jetmarova,  Helena and Sultanova,  Nargiz and Savic,  Dragan},
  year = {2017},
  month = jul,
  pages = {209–254}
}

@article{Makaremi2017,
  title = {Optimization of Pump Scheduling Program in Water Supply Systems Using a Self-Adaptive NSGA-II; a Review of Theory to Real Application},
  volume = {31},
  ISSN = {1573-1650},
  url = {http://dx.doi.org/10.1007/s11269-017-1577-x},
  DOI = {10.1007/s11269-017-1577-x},
  number = {4},
  journal = {Water Resources Management},
  publisher = {Springer Science and Business Media LLC},
  author = {Makaremi,  Yasaman and Haghighi,  Ali and Ghafouri,  Hamid Reza},
  year = {2017},
  month = feb,
  pages = {1283–1304}
}

@article{vanZyl2004,
  title = {Operational Optimization of Water Distribution Systems Using a Hybrid Genetic Algorithm},
  volume = {130},
  ISSN = {1943-5452},
  url = {http://dx.doi.org/10.1061/(ASCE)0733-9496(2004)130:2(160)},
  DOI = {10.1061/(asce)0733-9496(2004)130:2(160)},
  number = {2},
  journal = {Journal of Water Resources Planning and Management},
  publisher = {American Society of Civil Engineers (ASCE)},
  author = {van Zyl,  Jakobus E. and Savic,  Dragan A. and Walters,  Godfrey A.},
  year = {2004},
  month = mar,
  pages = {160–170}
}

@article{Nitivattananon1996,
  title = {Optimization of Water Supply System Operation},
  volume = {122},
  ISSN = {1943-5452},
  url = {http://dx.doi.org/10.1061/(ASCE)0733-9496(1996)122:5(374)},
  DOI = {10.1061/(asce)0733-9496(1996)122:5(374)},
  number = {5},
  journal = {Journal of Water Resources Planning and Management},
  publisher = {American Society of Civil Engineers (ASCE)},
  author = {Nitivattananon,  Vilas and Sadowski,  Elaine C. and Quimpo,  Rafael G.},
  year = {1996},
  month = sep,
  pages = {374–384}
}

@article{Ghaddar2015,
  title = {A Lagrangian decomposition approach for the pump scheduling problem in water networks},
  volume = {241},
  ISSN = {0377-2217},
  url = {http://dx.doi.org/10.1016/j.ejor.2014.08.033},
  DOI = {10.1016/j.ejor.2014.08.033},
  number = {2},
  journal = {European Journal of Operational Research},
  publisher = {Elsevier BV},
  author = {Ghaddar,  Bissan and Naoum-Sawaya,  Joe and Kishimoto,  Akihiro and Taheri,  Nicole and Eck,  Bradley},
  year = {2015},
  month = mar,
  pages = {490–501}
}

@misc{epanet,
  author       = {Open Water Analytics - OWA},
  title        = {EPANET - Water Distribution Modeling and Analysis Software},
  year         = {2024},
  url          = {http://wateranalytics.org/EPANET/},
  note         = {Acesso em: 6 de agosto de 2024}
}

@article{jowitt1992optimal,
  title={Optimal pump scheduling in water-supply networks},
  author={Jowitt, Paul W and Germanopoulos, George},
  journal={Journal of Water Resources Planning and Management},
  volume={118},
  number={4},
  pages={406--422},
  year={1992},
  publisher={American Society of Civil Engineers}
}

@article{Nault2015,
  title = {Lifecycle Assessment of a Water Distribution System Pump},
  volume = {141},
  ISSN = {1943-5452},
  url = {http://dx.doi.org/10.1061/(ASCE)WR.1943-5452.0000546},
  DOI = {10.1061/(asce)wr.1943-5452.0000546},
  number = {12},
  journal = {Journal of Water Resources Planning and Management},
  publisher = {American Society of Civil Engineers (ASCE)},
  author = {Nault,  J. and Papa,  F.},
  year = {2015},
  month = dec 
}

@article{chase1993computer,
  title={Computer-Generated Pumping Schedules for Satisfying Operational Objectives},
  author={Chase, Donald V and Ormsbee, Lindell E},
  journal={Journal-American Water Works Association},
  volume={85},
  number={7},
  pages={54--61},
  year={1993},
  publisher={Wiley Online Library}
}

@article{sterling1975dynamic,
  title={A dynamic programming solution to optimization of pumping costs.},
  author={Sterling, MJH and Coulbeck, B},
  journal={Proceedings of the Institution of Civil Engineers},
  volume={59},
  number={4},
  pages={813--818},
  year={1975},
  publisher={Thomas Telford-ICE Virtual Library}
}

@article{zessler1989optimal,
  title={Optimal operation of water distribution systems},
  author={Zessler, U and Shamir, Uri},
  journal={Journal of water resources planning and management},
  volume={115},
  number={6},
  pages={735--752},
  year={1989},
  publisher={American Society of Civil Engineers}
}

@inproceedings{savic1997multiobjective,
  title={Multiobjective genetic algorithms for pump scheduling in water supply},
  author={Savic, Dragan A and Walters, Godfrey A and Schwab, Martin},
  booktitle={Evolutionary Computing: AISB International Workshop Manchester, UK, April 7--8, 1997 Selected Papers},
  pages={227--235},
  year={1997},
  organization={Springer}
}

@inproceedings{goldman1999application,
  title={The application of simulated annealing to the optimal operation of water systems},
  author={Goldman, Fred E and Mays, Larry W},
  booktitle={WRPMD'99: Preparing for the 21st Century},
  pages={1--16},
  year={1999}
}

@article{teegavarapu2002optimal,
  title={Optimal operation of reservoir systems using simulated annealing},
  author={Teegavarapu, Ramesh SV and Simonovic, Slobodan P},
  journal={Water Resources Management},
  volume={16},
  pages={401--428},
  year={2002},
  publisher={Springer}
}

@article{lopez2008ant,
  title={Ant colony optimization for optimal control of pumps in water distribution networks},
  author={L{\'o}pez-Ib{\'a}{\~n}ez, Manuel and Prasad, T Devi and Paechter, Ben},
  journal={Journal of water resources planning and management},
  volume={134},
  number={4},
  pages={337--346},
  year={2008},
  publisher={American Society of Civil Engineers}
}

@article{ostadrahimi2012multi,
  title={Multi-reservoir operation rules: multi-swarm PSO-based optimization approach},
  author={Ostadrahimi, Leila and Mari{\~n}o, Miguel A and Afshar, Abbas},
  journal={Water resources management},
  volume={26},
  pages={407--427},
  year={2012},
  publisher={Springer}
}

@article{Kerimov2023,
  title = {Assessing the performances and transferability of graph neural network metamodels for water distribution systems},
  volume = {25},
  ISSN = {1465-1734},
  url = {http://dx.doi.org/10.2166/hydro.2023.031},
  DOI = {10.2166/hydro.2023.031},
  number = {6},
  journal = {Journal of Hydroinformatics},
  publisher = {IWA Publishing},
  author = {Kerimov,  Bulat and Bentivoglio,  Roberto and Garzón,  Alexander and Isufi,  Elvin and Tscheikner-Gratl,  Franz and Steffelbauer,  David Bernhard and Taormina,  Riccardo},
  year = {2023},
  month = oct,
  pages = {2223–2234}
}

@article{reis2006water,
  title={Water supply reservoir operation by combined genetic algorithm--linear programming (GA-LP) approach},
  author={Reis, Luisa Fernanda Ribeiro and Bessler, Floran T and Walters, Godfrey Antony and Savic, D},
  journal={Water resources management},
  volume={20},
  pages={227--255},
  year={2006},
  publisher={Springer}
}

@article{Costa2015,
  title = {A Branch-and-Bound Algorithm for Optimal Pump Scheduling in Water Distribution Networks},
  volume = {30},
  ISSN = {1573-1650},
  url = {http://dx.doi.org/10.1007/s11269-015-1209-2},
  DOI = {10.1007/s11269-015-1209-2},
  number = {3},
  journal = {Water Resources Management},
  publisher = {Springer Science and Business Media LLC},
  author = {Costa,  Luis Henrique Magalhães and de Athayde Prata,  Bruno and Ramos,  Helena M. and de Castro,  Marco Aurélio Holanda},
  year = {2015},
  month = dec,
  pages = {1037–1052}
}

@book{land2010automatic,
  title={An automatic method for solving discrete programming problems},
  author={Land, Ailsa H and Doig, Alison G},
  year={2010},
  publisher={Springer}
}

@article{costa2001global,
  title={Global optimization of water distribution networks through a reduced space branch-and-bound search},
  author={Costa, Andr{\'e} LH and de Medeiros, Jos{\'e} Luiz and Pessoa, Fernando LP},
  journal={Water Resources Research},
  volume={37},
  number={4},
  pages={1083--1090},
  year={2001},
  publisher={Wiley Online Library}
}

@article{verleye2016generalized,
  title={Generalized benders decomposition to reoptimize water production and distribution operations in a real water supply network},
  author={Verleye, Derek and Aghezzaf, El-Houssaine},
  journal={Journal of Water Resources Planning and Management},
  volume={142},
  number={2},
  pages={04015059},
  year={2016},
  publisher={American Society of Civil Engineers}
}

@article{behzadian2009stochastic,
  title={Stochastic sampling design using a multi-objective genetic algorithm and adaptive neural networks},
  author={Behzadian, Kourosh and Kapelan, Zoran and Savic, Dragan and Ardeshir, Abdollah},
  journal={Environmental Modelling \& Software},
  volume={24},
  number={4},
  pages={530--541},
  year={2009},
  publisher={Elsevier}
}

@article{broad2005water,
  title={Water distribution system optimization using metamodels},
  author={Broad, DR and Dandy, Graeme Clyde and Maier, Holger R},
  journal={Journal of Water Resources Planning and Management},
  volume={131},
  number={3},
  pages={172--180},
  year={2005},
  publisher={American Society of Civil Engineers}
}

@article{rao2007use,
  title={Use of an artificial neural network to capture the domain knowledge of a conventional hydraulic simulation model},
  author={Rao, Zhengfu and Alvarruiz, Fernando},
  journal={Journal of Hydroinformatics},
  volume={9},
  number={1},
  pages={15--24},
  year={2007},
  publisher={IWA Publishing}
}

@article{lansey1994optimal,
  title={Optimal pump operations considering pump switches},
  author={Lansey, Kevin E and Awumah, Kofi},
  journal={Journal of Water Resources Planning and Management},
  volume={120},
  number={1},
  pages={17--35},
  year={1994},
  publisher={American Society of Civil Engineers}
}

@inproceedings{boulos2001optimal,
  title={Optimal pump operation of water distribution systems using genetic algorithms},
  author={Boulos, Paul F and Wu, Zheng and Orr, Chun Hou and Moore, Michael and Hsiung, Paul and Thomas, Devan},
  booktitle={Distribution system symposium},
  year={2001},
  organization={Citeseer}
}

@inproceedings{lopez2005multi,
  title={Multi-objective optimisation of the pump scheduling problem using SPEA2},
  author={Lopez-Ibanez, Manuel and Prasad, T Devi and Paechter, Ben},
  booktitle={2005 IEEE Congress on Evolutionary Computation},
  volume={1},
  pages={435--442},
  year={2005},
  organization={IEEE}
}

@inproceedings{kelner2003optimal,
  title={Optimal pump scheduling for water supply using genetic algorithms},
  author={Kelner, Vincent and L{\'e}onard, Olivier},
  booktitle={5th International Conference on Evolutionary Computing for Industrial Applications (EUROGEN’03)},
  year={2003}
}

@article{bene2013comparison,
  title={Comparison of deterministic and heuristic optimization solvers for water network scheduling problems},
  author={Bene, JG and Selek, I and H{\H{o}}s, Cs},
  journal={Water Science and Technology: Water Supply},
  volume={13},
  number={5},
  pages={1367--1376},
  year={2013},
  publisher={IWA Publishing}
}